<record><leader>00000cas a22000007a 4500</leader><controlfield tag="001">9994001</controlfield><controlfield tag="008">831008d18611862ohuwr ne      0    0eng d</controlfield><controlfield tag="009">3783</controlfield><datafield ind1=" " ind2=" " tag="010"><subfield code="a">sn 83035521 </subfield></datafield><datafield ind1=" " ind2=" " tag="040"><subfield code="a">NPY</subfield><subfield code="b">eng</subfield><subfield code="c">NPY</subfield><subfield code="d">DLC</subfield><subfield code="d">ONP</subfield><subfield code="d">OCLCQ</subfield></datafield><datafield ind1=" " ind2=" " tag="042"><subfield code="a">msc</subfield></datafield><datafield ind1="0" ind2="0" tag="245"><subfield code="a">East Liverpool Mercury.</subfield></datafield><datafield ind1=" " ind2=" " tag="260"><subfield code="a">East Liverpool, Ohio :</subfield><subfield code="b">Geo. J. Luckey &amp; J.W. Harris,</subfield><subfield code="c">1861-1862.</subfield></datafield><datafield ind1=" " ind2=" " tag="300"><subfield code="a">v. :</subfield><subfield code="b">ill. (chiefly advertisements) ;</subfield><subfield code="c">63 cm.</subfield></datafield><datafield ind1=" " ind2=" " tag="310"><subfield code="a">Weekly</subfield></datafield><datafield ind1="0" ind2=" " tag="362"><subfield code="a">Vol. 1, no. 1 (May 23, 1861)-v. 2, no. 8 (July 31, 1862).</subfield></datafield><datafield ind1=" " ind2=" " tag="500"><subfield code="a">Publishers: Luckey &amp; Harris, May 23-Nov. 14, 1861; Harris, Nov. 14, 1861-July 31, 1862.</subfield></datafield><datafield ind1=" " ind2=" " tag="752"><subfield code="a">United States</subfield><subfield code="b">Ohio</subfield><subfield code="c">Columbiana</subfield><subfield code="d">East Liverpool.</subfield></datafield></record>